<record><leader>04940nam a2200373 i 4500</leader><controlfield tag="001">6748997</controlfield><controlfield tag="003">FlBoTFG</controlfield><controlfield tag="005">20141121161956.0</controlfield><controlfield tag="006">m|||||o||d||||||||</controlfield><controlfield tag="007">cr||||</controlfield><controlfield tag="008">141121t20152015fluad   ob    001 0 eng d</controlfield><datafield ind1=" " ind2=" " tag="020"><subfield code="a">9781482257625 (e-book : PDF)</subfield></datafield><datafield ind1=" " ind2=" " tag="035"><subfield code="a">ocn896849830</subfield></datafield><datafield ind1=" " ind2=" " tag="039"><subfield code="a">exclude</subfield></datafield><datafield ind1=" " ind2=" " tag="040"><subfield code="a">FlBoTFG</subfield><subfield code="b">eng</subfield><subfield code="c">FlBoTFG</subfield><subfield code="e">rda</subfield><subfield code="d">AEU</subfield></datafield><datafield ind1=" " ind2="4" tag="050"><subfield code="a">TP145</subfield><subfield code="b">.C44 2015</subfield></datafield><datafield ind1=" " ind2=" " tag="090"><subfield code="a">Internet Access</subfield><subfield code="b">AEU</subfield></datafield><datafield ind1="0" ind2="0" tag="245"><subfield code="a">Chemical and biochemical technology :</subfield><subfield code="b">materials, processing, and reliability /</subfield><subfield code="c">edited by Sergei D. Varfolomeev, DSc ; A.K. Haghi, PhD, and G.E. Zaikov, DSc, reviewers and advisory board members.</subfield></datafield><datafield ind1=" " ind2="1" tag="264"><subfield code="a">Boca Raton, FL :</subfield><subfield code="b">CRC Press ;</subfield><subfield code="a">Oakville, ON :</subfield><subfield code="b">Apple Academic Press,</subfield><subfield code="c">[2015]</subfield></datafield><datafield ind1=" " ind2="4" tag="264"><subfield code="c">&#169;2015</subfield></datafield><datafield ind1=" " ind2=" " tag="300"><subfield code="a">1 online resource.</subfield></datafield><datafield ind1=" " ind2=" " tag="336"><subfield code="a">text</subfield><subfield code="2">rdacontent</subfield></datafield><datafield ind1=" " ind2=" " tag="337"><subfield code="a">computer</subfield><subfield code="2">rdamedia</subfield></datafield><datafield ind1=" " ind2=" " tag="338"><subfield code="a">online resource</subfield><subfield code="2">rdacarrier</subfield></datafield><datafield ind1=" " ind2=" " tag="504"><subfield code="a">Includes bibliographical references and index.</subfield></datafield><datafield ind1="0" ind2=" " tag="505"><subfield code="a">Electrophysical properties of carbon nanostructures with defects in a strong external electric field / S.A. Sudorgin and N.G. Lebedev -- Topology and geometry of protein water shell by computer modeling / E.V. Rubtcova, A.B. Solovey and V.I. Lobyshev -- Optimization of molecular models for calculating quantum yields of photochemical reactions / V.I. Baranov, I.V. Mikhailov and N.I. Poteshnay -- Furacilinum release from polyhydroxybutyrate-schungite films / A.A. Olkhov, A.L. Iordanskii and G.E. Zaikov -- Structure of UV-protective nanocomposites films based on polyethylene / A.A. Olkhov [and five others] -- Identification of the acidic air pollution by IR spectroscopic study of epiphytic lichens / A.F. Meysurova, S.D. Khizhnyak and P.M. Pakhomov -- The reactivity of fluoro- and chloro-substituents of ethylene with ozone : quantum-chemical calculation / E.A. Mamin Eldar Alievich, B.E. Krisyuk, A.V. Maiorov and A.A. Popov -- Usage of speed sedimentation method for enzyme degradation of chitosan / V.V. Chernova, E.I. Kulish, I.F. Tuktarova and G.E. Zaikov -- Double-decker phthalocyanines : spectral redox properties and sensor elements based on them / G.A. Gromova and A.V. Lobanov -- Microwave synthesis and electronic structure studies of lantanide tetraarylporphyrin complexes / A.S. Gorshkova [and five others] -- Same concepts of cosmology in the modern natural science / M.D. Goldfein and A.V. Ivanov -- A commentary on the concepts of the physical chemistry of polymers in technologies and environment protection / M.D. Goldfein and N.V. Kozhevnikov -- Aggregation behavior of unsubstituted metal phthalocyanines in supramolecular systems / G.S. Dmitrieva and A.V. Lobanov -- Thermoplastic composites of polypropylene and ethylene-octene rubber / Maria Rajkiewicz, Marcin &#346;la&#807;czka and Jakub Czakaj --</subfield></datafield><datafield ind1="0" ind2=" " tag="505"><subfield code="a">A lecture note on cultivation of legume grasses for seeds in mountain zone / S.A. Bekuzarova, I.M. Khaniyeva and L.S. Ghishkayeva -- Red clover (trifolium pratense L.) for hayfield-pasture use / S.A. Bekuzarova and V.A. Belyayeva -- A lecture note on restoration of biodiversity in mountain plant communities by means of selection / S.A. Bekuzarova -- Biology of development of phytopathogenic fungi of fusariumlink and resistance of cereals to it in climatic conditions of Tyumen Region / N.A. Bome, A. Ja. Bome and N.N. Kolokolova -- The basic characteristics of continuously cultivated sod-podzol soil of Northern Territories (in the case of Tobolsk District, Tyumen Region) / I.A. Dudareva (Cherkashina) and N.A. Bome -- A lecture note on the efficiency of the use of crop produce for alternative fuel production / A.V. Doronin -- Orientation controlled immobilization strategy for SS-Galactosidase on alginate beads / M.S. Mohy Eldin, M.R. El-Aassar and E.A. Hassan -- Regenerationpotential of pear cultivars and species (Pyrus L.) of the collection of the national dendrological park "sofiyivka" of Nas of Ukraine / Anatoliy Iv. Opalko, Nataliya M. Kucher and Olga A. Opalko -- The prostor and ferm KM complex probiotic additives : biotechnological preparations for enhancing the quality of domestic fish mixed feed / D.S. Pavlov [and five others] -- Variability of combining abilities of MS (male sterility) lines and sterility binders of sugar beets as to sugar content / Korneeva Myroslava Oleksandrivna and Nenka Maksym Mykolayovych -- Comparison of chromosomal rearrangements in early seedlings of Crepis capillaris L. after treatment of seeds by X-Rays and by the chemical mutagen / L.I. Weisfeld.</subfield></datafield><datafield ind1=" " ind2=" " tag="596"><subfield code="a">44</subfield></datafield><datafield ind1=" " ind2="0" tag="650"><subfield code="a">Chemistry, Technical.</subfield></datafield><datafield ind1=" " ind2="0" tag="650"><subfield code="a">Biochemical engineering.</subfield></datafield><datafield ind1="1" ind2=" " tag="700"><subfield code="a">Varfolomeev, Serge&#301; Dmitrievich,</subfield><subfield code="e">editor.</subfield></datafield><datafield ind1="4" ind2="0" tag="856"><subfield code="3">University of Alberta Access</subfield><subfield code="u">http://marc.crcnetbase.com/isbn/9781482257625</subfield><subfield code="z">(Unlimited Concurrent Users)</subfield></datafield><datafield ind1=" " ind2=" " tag="949"><subfield code="h">UAIN</subfield><subfield code="z">CRC</subfield></datafield><datafield ind1=" " ind2=" " tag="926"><subfield code="a">Internet Access</subfield><subfield code="w">LC</subfield><subfield code="c">1</subfield><subfield code="i">6748997-1001</subfield><subfield code="l">INTERNET</subfield><subfield code="m">UAINTERNET</subfield><subfield code="r">Y</subfield><subfield code="s">Y</subfield><subfield code="t">E-RESOURCE</subfield><subfield code="u">12/2/2014</subfield><subfield code="x">E-BOOK</subfield><subfield code="z">CRC</subfield></datafield></record>